01REMESSA01COBRANCA       39587424000130      UY3 SOCIEDADE DE CREDITO DIRET237Bradesco       151225        MX0000000                                                                                                                                                                                                                                                                                     000001
100000100000000000000000000000000000000000000000000000000000000000000047571460000000000000000N0         R1  2104757146-027022600000000157334570000101N141225000000000000000001412250000000000000000000000009500000000000000100004595275170CARLOS RENNAM DA SILVA                  RUA EPITACIO PIMENTA DE ARAUJO 206 N/A ARGEMIRO ORTE79750302carlosrennamdasilva@gmail.com                   67996577540 000001
100000100000000000000000000000000000000000000000000000000000000000000047571460000000000000000N0         R1  2104757146-027032600000000157334570000101N141225000000000000000001412250000000000000000000000011900000000000000100004595275170CARLOS RENNAM DA SILVA                  RUA EPITACIO PIMENTA DE ARAUJO 206 N/A ARGEMIRO ORTE79750302carlosrennamdasilva@gmail.com                   67996577540 000002
100000100000000000000000000000000000000000000000000000000000000000000047571460000000000000000N0         R1  2104757146-027042600000000157334570000101N141225000000000000000001412250000000000000000000000014700000000000000100004595275170CARLOS RENNAM DA SILVA                  RUA EPITACIO PIMENTA DE ARAUJO 206 N/A ARGEMIRO ORTE79750302carlosrennamdasilva@gmail.com                   67996577540 000003
100000100000000000000000000000000000000000000000000000000000000000000047571460000000000000000N0         R1  2104757146-027052600000000157334570000101N141225000000000000000001412250000000000000000000000017800000000000000100004595275170CARLOS RENNAM DA SILVA                  RUA EPITACIO PIMENTA DE ARAUJO 206 N/A ARGEMIRO ORTE79750302carlosrennamdasilva@gmail.com                   67996577540 000004
100000100000000000000000000000000000000000000000000000000000000000000047571460000000000000000N0         R1  2104757146-027062600000000157334570000101N141225000000000000000001412250000000000000000000000021200000000000000100004595275170CARLOS RENNAM DA SILVA                  RUA EPITACIO PIMENTA DE ARAUJO 206 N/A ARGEMIRO ORTE79750302carlosrennamdasilva@gmail.com                   67996577540 000005
100000100000000000000000000000000000000000000000000000000000000000000047571460000000000000000N0         R1  2104757146-027072600000000157334570000101N141225000000000000000001412250000000000000000000000024800000000000000100004595275170CARLOS RENNAM DA SILVA                  RUA EPITACIO PIMENTA DE ARAUJO 206 N/A ARGEMIRO ORTE79750302carlosrennamdasilva@gmail.com                   67996577540 000006
100000100000000000000000000000000000000000000000000000000000000000000047571460000000000000000N0         R1  2104757146-027082600000000157334570000101N141225000000000000000001412250000000000000000000000028800000000000000100004595275170CARLOS RENNAM DA SILVA                  RUA EPITACIO PIMENTA DE ARAUJO 206 N/A ARGEMIRO ORTE79750302carlosrennamdasilva@gmail.com                   67996577540 000007
100000100000000000000000000000000000000000000000000000000000000000000047571460000000000000000N0         R1  2104757146-027092600000000157334570000101N141225000000000000000001412250000000000000000000000033100000000000000100004595275170CARLOS RENNAM DA SILVA                  RUA EPITACIO PIMENTA DE ARAUJO 206 N/A ARGEMIRO ORTE79750302carlosrennamdasilva@gmail.com                   67996577540 000008
100000100000000000000000000000000000000000000000000000000000000000000047571460000000000000000N0         R1  2104757146-027102600000000157334570000101N141225000000000000000001412250000000000000000000000037800000000000000100004595275170CARLOS RENNAM DA SILVA                  RUA EPITACIO PIMENTA DE ARAUJO 206 N/A ARGEMIRO ORTE79750302carlosrennamdasilva@gmail.com                   67996577540 000009
100000100000000000000000000000000000000000000000000000000000000000000047571460001000000000000N0         R1  2104757146-127112600000000157334570000101N141225000000000000000001412250000000000000000000000042900000000000000100004595275170CARLOS RENNAM DA SILVA                  RUA EPITACIO PIMENTA DE ARAUJO 206 N/A ARGEMIRO ORTE79750302carlosrennamdasilva@gmail.com                   67996577540 000010
100000100000000000000000000000000000000000000000000000000000000000000047571460001000000000000N0         R1  2104757146-127122600000000157334570000101N141225000000000000000001412250000000000000000000000046800000000000000100004595275170CARLOS RENNAM DA SILVA                  RUA EPITACIO PIMENTA DE ARAUJO 206 N/A ARGEMIRO ORTE79750302carlosrennamdasilva@gmail.com                   67996577540 000011
100000100000000000000000000000000000000000000000000000000000000000000047571460001000000000000N0         R1  2104757146-127012700000000157334570000101N141225000000000000000001412250000000000000000000000049000000000000000100004595275170CARLOS RENNAM DA SILVA                  RUA EPITACIO PIMENTA DE ARAUJO 206 N/A ARGEMIRO ORTE79750302carlosrennamdasilva@gmail.com                   67996577540 000012
100000100000000000000000000000000000000000000000000000000000000000000047520220000000000000000N0         R1  2104752022-027022600000000511704570000101N131225000000000000000001412250000000000000000000000031200000000000000100089776313353PAULO SERGIO DA SILVA GALHARDO          RUA 303 215 N/A SETOR LESTE UNIVERSITARIO GOIANIA/GO74615210galhardo3@live.com                              62981607937 000013
100000100000000000000000000000000000000000000000000000000000000000000047520220000000000000000N0         R1  2104752022-027032600000000511704570000101N131225000000000000000001412250000000000000000000000038900000000000000100089776313353PAULO SERGIO DA SILVA GALHARDO          RUA 303 215 N/A SETOR LESTE UNIVERSITARIO GOIANIA/GO74615210galhardo3@live.com                              62981607937 000014
100000100000000000000000000000000000000000000000000000000000000000000047520220000000000000000N0         R1  2104752022-027042600000000511704570000101N131225000000000000000001412250000000000000000000000048200000000000000100089776313353PAULO SERGIO DA SILVA GALHARDO          RUA 303 215 N/A SETOR LESTE UNIVERSITARIO GOIANIA/GO74615210galhardo3@live.com                              62981607937 000015
100000100000000000000000000000000000000000000000000000000000000000000047520220000000000000000N0         R1  2104752022-027052600000000511704570000101N131225000000000000000001412250000000000000000000000058100000000000000100089776313353PAULO SERGIO DA SILVA GALHARDO          RUA 303 215 N/A SETOR LESTE UNIVERSITARIO GOIANIA/GO74615210galhardo3@live.com                              62981607937 000016
100000100000000000000000000000000000000000000000000000000000000000000047520220000000000000000N0         R1  2104752022-027062600000000511704570000101N131225000000000000000001412250000000000000000000000069100000000000000100089776313353PAULO SERGIO DA SILVA GALHARDO          RUA 303 215 N/A SETOR LESTE UNIVERSITARIO GOIANIA/GO74615210galhardo3@live.com                              62981607937 000017
100000100000000000000000000000000000000000000000000000000000000000000047520220000000000000000N0         R1  2104752022-027072600000000511704570000101N131225000000000000000001412250000000000000000000000080800000000000000100089776313353PAULO SERGIO DA SILVA GALHARDO          RUA 303 215 N/A SETOR LESTE UNIVERSITARIO GOIANIA/GO74615210galhardo3@live.com                              62981607937 000018
100000100000000000000000000000000000000000000000000000000000000000000047520220000000000000000N0         R1  2104752022-027082600000000511704570000101N131225000000000000000001412250000000000000000000000093900000000000000100089776313353PAULO SERGIO DA SILVA GALHARDO          RUA 303 215 N/A SETOR LESTE UNIVERSITARIO GOIANIA/GO74615210galhardo3@live.com                              62981607937 000019
100000100000000000000000000000000000000000000000000000000000000000000047520220000000000000000N0         R1  2104752022-027092600000000511704570000101N131225000000000000000001412250000000000000000000000108100000000000000100089776313353PAULO SERGIO DA SILVA GALHARDO          RUA 303 215 N/A SETOR LESTE UNIVERSITARIO GOIANIA/GO74615210galhardo3@live.com                              62981607937 000020
100000100000000000000000000000000000000000000000000000000000000000000047520220000000000000000N0         R1  2104752022-027102600000000511704570000101N131225000000000000000001412250000000000000000000000123200000000000000100089776313353PAULO SERGIO DA SILVA GALHARDO          RUA 303 215 N/A SETOR LESTE UNIVERSITARIO GOIANIA/GO74615210galhardo3@live.com                              62981607937 000021
100000100000000000000000000000000000000000000000000000000000000000000047520220001000000000000N0         R1  2104752022-127112600000000511704570000101N131225000000000000000001412250000000000000000000000139900000000000000100089776313353PAULO SERGIO DA SILVA GALHARDO          RUA 303 215 N/A SETOR LESTE UNIVERSITARIO GOIANIA/GO74615210galhardo3@live.com                              62981607937 000022
100000100000000000000000000000000000000000000000000000000000000000000047520220001000000000000N0         R1  2104752022-127122600000000511704570000101N131225000000000000000001412250000000000000000000000152300000000000000100089776313353PAULO SERGIO DA SILVA GALHARDO          RUA 303 215 N/A SETOR LESTE UNIVERSITARIO GOIANIA/GO74615210galhardo3@live.com                              62981607937 000023
100000100000000000000000000000000000000000000000000000000000000000000047520220001000000000000N0         R1  2104752022-127012700000000511704570000101N131225000000000000000001412250000000000000000000000159300000000000000100089776313353PAULO SERGIO DA SILVA GALHARDO          RUA 303 215 N/A SETOR LESTE UNIVERSITARIO GOIANIA/GO74615210galhardo3@live.com                              62981607937 000024
100000100000000000000000000000000000000000000000000000000000000000000047537330000000000000000N0         R1  2104753733-027022600000000537604570000101N131225000000000000000001412250000000000000000000000041100000000000000100010022948945SABRINA RODRIGUES RAFAEL                RUA MACARICO DO CAMPO 120 A JARDIM MONTE CARLO ARAPO86704170rafaelsabrina2235@gmail.com                     43996541959 000025
100000100000000000000000000000000000000000000000000000000000000000000047537330000000000000000N0         R1  2104753733-027032600000000537604570000101N131225000000000000000001412250000000000000000000000052000000000000000100010022948945SABRINA RODRIGUES RAFAEL                RUA MACARICO DO CAMPO 120 A JARDIM MONTE CARLO ARAPO86704170rafaelsabrina2235@gmail.com                     43996541959 000026
100000100000000000000000000000000000000000000000000000000000000000000047537330000000000000000N0         R1  2104753733-027042600000000537604570000101N131225000000000000000001412250000000000000000000000065100000000000000100010022948945SABRINA RODRIGUES RAFAEL                RUA MACARICO DO CAMPO 120 A JARDIM MONTE CARLO ARAPO86704170rafaelsabrina2235@gmail.com                     43996541959 000027
100000100000000000000000000000000000000000000000000000000000000000000047537330000000000000000N0         R1  2104753733-027052600000000537604570000101N131225000000000000000001412250000000000000000000000079000000000000000100010022948945SABRINA RODRIGUES RAFAEL                RUA MACARICO DO CAMPO 120 A JARDIM MONTE CARLO ARAPO86704170rafaelsabrina2235@gmail.com                     43996541959 000028
100000100000000000000000000000000000000000000000000000000000000000000047537330000000000000000N0         R1  2104753733-027062600000000537604570000101N131225000000000000000001412250000000000000000000000094500000000000000100010022948945SABRINA RODRIGUES RAFAEL                RUA MACARICO DO CAMPO 120 A JARDIM MONTE CARLO ARAPO86704170rafaelsabrina2235@gmail.com                     43996541959 000029
100000100000000000000000000000000000000000000000000000000000000000000047537330000000000000000N0         R1  2104753733-027072600000000537604570000101N131225000000000000000001412250000000000000000000000111000000000000000100010022948945SABRINA RODRIGUES RAFAEL                RUA MACARICO DO CAMPO 120 A JARDIM MONTE CARLO ARAPO86704170rafaelsabrina2235@gmail.com                     43996541959 000030
100000100000000000000000000000000000000000000000000000000000000000000047574350000000000000000N0         R1  2104757435-027022600000000397954570000101N141225000000000000000001412250000000000000000000000030200000000000000100074928201604GERALDO LOPES DE QUEIROZ                PRACA MARINHO GOMES 206 N/A VILA SINHO PARA DE MINAS35660091geraldo.lopez1112@gmail.com                     37999715225 000031
100000100000000000000000000000000000000000000000000000000000000000000047574350000000000000000N0         R1  2104757435-027032600000000397954570000101N141225000000000000000001412250000000000000000000000038300000000000000100074928201604GERALDO LOPES DE QUEIROZ                PRACA MARINHO GOMES 206 N/A VILA SINHO PARA DE MINAS35660091geraldo.lopez1112@gmail.com                     37999715225 000032
100000100000000000000000000000000000000000000000000000000000000000000047574350000000000000000N0         R1  2104757435-027042600000000397954570000101N141225000000000000000001412250000000000000000000000047900000000000000100074928201604GERALDO LOPES DE QUEIROZ                PRACA MARINHO GOMES 206 N/A VILA SINHO PARA DE MINAS35660091geraldo.lopez1112@gmail.com                     37999715225 000033
100000100000000000000000000000000000000000000000000000000000000000000047574350000000000000000N0         R1  2104757435-027052600000000397954570000101N141225000000000000000001412250000000000000000000000058200000000000000100074928201604GERALDO LOPES DE QUEIROZ                PRACA MARINHO GOMES 206 N/A VILA SINHO PARA DE MINAS35660091geraldo.lopez1112@gmail.com                     37999715225 000034
100000100000000000000000000000000000000000000000000000000000000000000047574350000000000000000N0         R1  2104757435-027062600000000397954570000101N141225000000000000000001412250000000000000000000000069700000000000000100074928201604GERALDO LOPES DE QUEIROZ                PRACA MARINHO GOMES 206 N/A VILA SINHO PARA DE MINAS35660091geraldo.lopez1112@gmail.com                     37999715225 000035
100000100000000000000000000000000000000000000000000000000000000000000047574350000000000000000N0         R1  2104757435-027072600000000397954570000101N141225000000000000000001412250000000000000000000000081900000000000000100074928201604GERALDO LOPES DE QUEIROZ                PRACA MARINHO GOMES 206 N/A VILA SINHO PARA DE MINAS35660091geraldo.lopez1112@gmail.com                     37999715225 000036
100000100000000000000000000000000000000000000000000000000000000000000047651180000000000000000N0         R1  2104765118-027022600000000157334570000101N151225000000000000000001412250000000000000000000000009500000000000000100004595275170CARLOS RENNAM DA SILVA                  RUA EPITACIO PIMENTA DE ARAUJO 206 N/A ARGEMIRO ORTE79750302carlosrennamdasilva@gmail.com                   67996577540 000037
100000100000000000000000000000000000000000000000000000000000000000000047651180000000000000000N0         R1  2104765118-027032600000000157334570000101N151225000000000000000001412250000000000000000000000011800000000000000100004595275170CARLOS RENNAM DA SILVA                  RUA EPITACIO PIMENTA DE ARAUJO 206 N/A ARGEMIRO ORTE79750302carlosrennamdasilva@gmail.com                   67996577540 000038
100000100000000000000000000000000000000000000000000000000000000000000047651180000000000000000N0         R1  2104765118-027042600000000157334570000101N151225000000000000000001412250000000000000000000000014700000000000000100004595275170CARLOS RENNAM DA SILVA                  RUA EPITACIO PIMENTA DE ARAUJO 206 N/A ARGEMIRO ORTE79750302carlosrennamdasilva@gmail.com                   67996577540 000039
100000100000000000000000000000000000000000000000000000000000000000000047651180000000000000000N0         R1  2104765118-027052600000000157334570000101N151225000000000000000001412250000000000000000000000017700000000000000100004595275170CARLOS RENNAM DA SILVA                  RUA EPITACIO PIMENTA DE ARAUJO 206 N/A ARGEMIRO ORTE79750302carlosrennamdasilva@gmail.com                   67996577540 000040
100000100000000000000000000000000000000000000000000000000000000000000047651180000000000000000N0         R1  2104765118-027062600000000157334570000101N151225000000000000000001412250000000000000000000000021100000000000000100004595275170CARLOS RENNAM DA SILVA                  RUA EPITACIO PIMENTA DE ARAUJO 206 N/A ARGEMIRO ORTE79750302carlosrennamdasilva@gmail.com                   67996577540 000041
100000100000000000000000000000000000000000000000000000000000000000000047651180000000000000000N0         R1  2104765118-027072600000000157334570000101N151225000000000000000001412250000000000000000000000024700000000000000100004595275170CARLOS RENNAM DA SILVA                  RUA EPITACIO PIMENTA DE ARAUJO 206 N/A ARGEMIRO ORTE79750302carlosrennamdasilva@gmail.com                   67996577540 000042
100000100000000000000000000000000000000000000000000000000000000000000047651180000000000000000N0         R1  2104765118-027082600000000157334570000101N151225000000000000000001412250000000000000000000000028700000000000000100004595275170CARLOS RENNAM DA SILVA                  RUA EPITACIO PIMENTA DE ARAUJO 206 N/A ARGEMIRO ORTE79750302carlosrennamdasilva@gmail.com                   67996577540 000043
100000100000000000000000000000000000000000000000000000000000000000000047651180000000000000000N0         R1  2104765118-027092600000000157334570000101N151225000000000000000001412250000000000000000000000033100000000000000100004595275170CARLOS RENNAM DA SILVA                  RUA EPITACIO PIMENTA DE ARAUJO 206 N/A ARGEMIRO ORTE79750302carlosrennamdasilva@gmail.com                   67996577540 000044
100000100000000000000000000000000000000000000000000000000000000000000047651180000000000000000N0         R1  2104765118-027102600000000157334570000101N151225000000000000000001412250000000000000000000000037700000000000000100004595275170CARLOS RENNAM DA SILVA                  RUA EPITACIO PIMENTA DE ARAUJO 206 N/A ARGEMIRO ORTE79750302carlosrennamdasilva@gmail.com                   67996577540 000045
100000100000000000000000000000000000000000000000000000000000000000000047651180001000000000000N0         R1  2104765118-127112600000000157334570000101N151225000000000000000001412250000000000000000000000042800000000000000100004595275170CARLOS RENNAM DA SILVA                  RUA EPITACIO PIMENTA DE ARAUJO 206 N/A ARGEMIRO ORTE79750302carlosrennamdasilva@gmail.com                   67996577540 000046
100000100000000000000000000000000000000000000000000000000000000000000047651180001000000000000N0         R1  2104765118-127122600000000157334570000101N151225000000000000000001412250000000000000000000000046900000000000000100004595275170CARLOS RENNAM DA SILVA                  RUA EPITACIO PIMENTA DE ARAUJO 206 N/A ARGEMIRO ORTE79750302carlosrennamdasilva@gmail.com                   67996577540 000047
100000100000000000000000000000000000000000000000000000000000000000000047651180001000000000000N0         R1  2104765118-127012700000000157334570000101N151225000000000000000001412250000000000000000000000049000000000000000100004595275170CARLOS RENNAM DA SILVA                  RUA EPITACIO PIMENTA DE ARAUJO 206 N/A ARGEMIRO ORTE79750302carlosrennamdasilva@gmail.com                   67996577540 000048
100000100000000000000000000000000000000000000000000000000000000000000047553890000000000000000N0         R1  2104755389-027022600000000513714570000101N141225000000000000000001412250000000000000000000000039000000000000000100070122218604KETERSON JERONIMO RAFAEL SILVA          RUA MARIO BATISTA FERREIRA 154 N/A PACAEMBU II UBERA38051578ketersonrafael17@gmail.com                      34996853392 000049
100000100000000000000000000000000000000000000000000000000000000000000047553890000000000000000N0         R1  2104755389-027032600000000513714570000101N141225000000000000000001412250000000000000000000000049400000000000000100070122218604KETERSON JERONIMO RAFAEL SILVA          RUA MARIO BATISTA FERREIRA 154 N/A PACAEMBU II UBERA38051578ketersonrafael17@gmail.com                      34996853392 000050
100000100000000000000000000000000000000000000000000000000000000000000047553890000000000000000N0         R1  2104755389-027042600000000513714570000101N141225000000000000000001412250000000000000000000000061900000000000000100070122218604KETERSON JERONIMO RAFAEL SILVA          RUA MARIO BATISTA FERREIRA 154 N/A PACAEMBU II UBERA38051578ketersonrafael17@gmail.com                      34996853392 000051
100000100000000000000000000000000000000000000000000000000000000000000047553890000000000000000N0         R1  2104755389-027052600000000513714570000101N141225000000000000000001412250000000000000000000000075100000000000000100070122218604KETERSON JERONIMO RAFAEL SILVA          RUA MARIO BATISTA FERREIRA 154 N/A PACAEMBU II UBERA38051578ketersonrafael17@gmail.com                      34996853392 000052
100000100000000000000000000000000000000000000000000000000000000000000047553890000000000000000N0         R1  2104755389-027062600000000513714570000101N141225000000000000000001412250000000000000000000000089900000000000000100070122218604KETERSON JERONIMO RAFAEL SILVA          RUA MARIO BATISTA FERREIRA 154 N/A PACAEMBU II UBERA38051578ketersonrafael17@gmail.com                      34996853392 000053
100000100000000000000000000000000000000000000000000000000000000000000047553890000000000000000N0         R1  2104755389-027072600000000513714570000101N141225000000000000000001412250000000000000000000000105700000000000000100070122218604KETERSON JERONIMO RAFAEL SILVA          RUA MARIO BATISTA FERREIRA 154 N/A PACAEMBU II UBERA38051578ketersonrafael17@gmail.com                      34996853392 000054
100000100000000000000000000000000000000000000000000000000000000000000047576100000000000000000N0         R1  2104757610-027022600000000439514570000101N141225000000000000000001412250000000000000000000000033400000000000000100061633976149RENILCE CRISTINA DE MAGALHAES COSTA     AVENIDA A 46 CASA RESIDENCIAL ALTOS DO PARQUE I CUIA78096385renilcecristina@gmail.com                       65981361084 000055
100000100000000000000000000000000000000000000000000000000000000000000047576100000000000000000N0         R1  2104757610-027032600000000439514570000101N141225000000000000000001412250000000000000000000000042300000000000000100061633976149RENILCE CRISTINA DE MAGALHAES COSTA     AVENIDA A 46 CASA RESIDENCIAL ALTOS DO PARQUE I CUIA78096385renilcecristina@gmail.com                       65981361084 000056
100000100000000000000000000000000000000000000000000000000000000000000047576100000000000000000N0         R1  2104757610-027042600000000439514570000101N141225000000000000000001412250000000000000000000000052900000000000000100061633976149RENILCE CRISTINA DE MAGALHAES COSTA     AVENIDA A 46 CASA RESIDENCIAL ALTOS DO PARQUE I CUIA78096385renilcecristina@gmail.com                       65981361084 000057
100000100000000000000000000000000000000000000000000000000000000000000047576100000000000000000N0         R1  2104757610-027052600000000439514570000101N141225000000000000000001412250000000000000000000000064300000000000000100061633976149RENILCE CRISTINA DE MAGALHAES COSTA     AVENIDA A 46 CASA RESIDENCIAL ALTOS DO PARQUE I CUIA78096385renilcecristina@gmail.com                       65981361084 000058
100000100000000000000000000000000000000000000000000000000000000000000047576100000000000000000N0         R1  2104757610-027062600000000439514570000101N141225000000000000000001412250000000000000000000000076900000000000000100061633976149RENILCE CRISTINA DE MAGALHAES COSTA     AVENIDA A 46 CASA RESIDENCIAL ALTOS DO PARQUE I CUIA78096385renilcecristina@gmail.com                       65981361084 000059
100000100000000000000000000000000000000000000000000000000000000000000047576100000000000000000N0         R1  2104757610-027072600000000439514570000101N141225000000000000000001412250000000000000000000000090400000000000000100061633976149RENILCE CRISTINA DE MAGALHAES COSTA     AVENIDA A 46 CASA RESIDENCIAL ALTOS DO PARQUE I CUIA78096385renilcecristina@gmail.com                       65981361084 000060
100000100000000000000000000000000000000000000000000000000000000000000047658890000000000000000N0         R1  2104765889-027022600000000238464570000101N151225000000000000000001412250000000000000000000000018000000000000000100060221088024KAROLINA GONCALVES DE SOUZA             RUA ARROIO MIRANDA 109 N/A SAO JOSE PASSO FUNDO/RS  99052640karolinagoncalvesdesouza@gmail.com              54991656733 000061
100000100000000000000000000000000000000000000000000000000000000000000047658890000000000000000N0         R1  2104765889-027032600000000238464570000101N151225000000000000000001412250000000000000000000000022800000000000000100060221088024KAROLINA GONCALVES DE SOUZA             RUA ARROIO MIRANDA 109 N/A SAO JOSE PASSO FUNDO/RS  99052640karolinagoncalvesdesouza@gmail.com              54991656733 000062
100000100000000000000000000000000000000000000000000000000000000000000047658890000000000000000N0         R1  2104765889-027042600000000238464570000101N151225000000000000000001412250000000000000000000000028600000000000000100060221088024KAROLINA GONCALVES DE SOUZA             RUA ARROIO MIRANDA 109 N/A SAO JOSE PASSO FUNDO/RS  99052640karolinagoncalvesdesouza@gmail.com              54991656733 000063
100000100000000000000000000000000000000000000000000000000000000000000047658890000000000000000N0         R1  2104765889-027052600000000238464570000101N151225000000000000000001412250000000000000000000000034700000000000000100060221088024KAROLINA GONCALVES DE SOUZA             RUA ARROIO MIRANDA 109 N/A SAO JOSE PASSO FUNDO/RS  99052640karolinagoncalvesdesouza@gmail.com              54991656733 000064
100000100000000000000000000000000000000000000000000000000000000000000047658890000000000000000N0         R1  2104765889-027062600000000238464570000101N151225000000000000000001412250000000000000000000000041600000000000000100060221088024KAROLINA GONCALVES DE SOUZA             RUA ARROIO MIRANDA 109 N/A SAO JOSE PASSO FUNDO/RS  99052640karolinagoncalvesdesouza@gmail.com              54991656733 000065
100000100000000000000000000000000000000000000000000000000000000000000047658890000000000000000N0         R1  2104765889-027072600000000238464570000101N151225000000000000000001412250000000000000000000000048900000000000000100060221088024KAROLINA GONCALVES DE SOUZA             RUA ARROIO MIRANDA 109 N/A SAO JOSE PASSO FUNDO/RS  99052640karolinagoncalvesdesouza@gmail.com              54991656733 000066
100000100000000000000000000000000000000000000000000000000000000000000047553580000000000000000N0         R1  2104755358-027022600000000606884570000101N141225000000000000000001412250000000000000000000000036700000000000000100005275267460ANTONIO NELLINGTON NASCIMENTO DE SOUZA  RUA HUMBERTO DE CAMPOS 77 A VILA RICA JABOATAO DOS G54100470nelitovaqueiroan@gmail.com                      81985649849 000067
100000100000000000000000000000000000000000000000000000000000000000000047553580000000000000000N0         R1  2104755358-027032600000000606884570000101N141225000000000000000001412250000000000000000000000045900000000000000100005275267460ANTONIO NELLINGTON NASCIMENTO DE SOUZA  RUA HUMBERTO DE CAMPOS 77 A VILA RICA JABOATAO DOS G54100470nelitovaqueiroan@gmail.com                      81985649849 000068
100000100000000000000000000000000000000000000000000000000000000000000047553580000000000000000N0         R1  2104755358-027042600000000606884570000101N141225000000000000000001412250000000000000000000000056900000000000000100005275267460ANTONIO NELLINGTON NASCIMENTO DE SOUZA  RUA HUMBERTO DE CAMPOS 77 A VILA RICA JABOATAO DOS G54100470nelitovaqueiroan@gmail.com                      81985649849 000069
100000100000000000000000000000000000000000000000000000000000000000000047553580000000000000000N0         R1  2104755358-027052600000000606884570000101N141225000000000000000001412250000000000000000000000068600000000000000100005275267460ANTONIO NELLINGTON NASCIMENTO DE SOUZA  RUA HUMBERTO DE CAMPOS 77 A VILA RICA JABOATAO DOS G54100470nelitovaqueiroan@gmail.com                      81985649849 000070
100000100000000000000000000000000000000000000000000000000000000000000047553580000000000000000N0         R1  2104755358-027062600000000606884570000101N141225000000000000000001412250000000000000000000000081600000000000000100005275267460ANTONIO NELLINGTON NASCIMENTO DE SOUZA  RUA HUMBERTO DE CAMPOS 77 A VILA RICA JABOATAO DOS G54100470nelitovaqueiroan@gmail.com                      81985649849 000071
100000100000000000000000000000000000000000000000000000000000000000000047553580000000000000000N0         R1  2104755358-027072600000000606884570000101N141225000000000000000001412250000000000000000000000095500000000000000100005275267460ANTONIO NELLINGTON NASCIMENTO DE SOUZA  RUA HUMBERTO DE CAMPOS 77 A VILA RICA JABOATAO DOS G54100470nelitovaqueiroan@gmail.com                      81985649849 000072
100000100000000000000000000000000000000000000000000000000000000000000047553580000000000000000N0         R1  2104755358-027082600000000606884570000101N141225000000000000000001412250000000000000000000000111000000000000000100005275267460ANTONIO NELLINGTON NASCIMENTO DE SOUZA  RUA HUMBERTO DE CAMPOS 77 A VILA RICA JABOATAO DOS G54100470nelitovaqueiroan@gmail.com                      81985649849 000073
100000100000000000000000000000000000000000000000000000000000000000000047553580000000000000000N0         R1  2104755358-027092600000000606884570000101N141225000000000000000001412250000000000000000000000127900000000000000100005275267460ANTONIO NELLINGTON NASCIMENTO DE SOUZA  RUA HUMBERTO DE CAMPOS 77 A VILA RICA JABOATAO DOS G54100470nelitovaqueiroan@gmail.com                      81985649849 000074
100000100000000000000000000000000000000000000000000000000000000000000047553580000000000000000N0         R1  2104755358-027102600000000606884570000101N141225000000000000000001412250000000000000000000000145700000000000000100005275267460ANTONIO NELLINGTON NASCIMENTO DE SOUZA  RUA HUMBERTO DE CAMPOS 77 A VILA RICA JABOATAO DOS G54100470nelitovaqueiroan@gmail.com                      81985649849 000075
100000100000000000000000000000000000000000000000000000000000000000000047553580001000000000000N0         R1  2104755358-127112600000000606884570000101N141225000000000000000001412250000000000000000000000165500000000000000100005275267460ANTONIO NELLINGTON NASCIMENTO DE SOUZA  RUA HUMBERTO DE CAMPOS 77 A VILA RICA JABOATAO DOS G54100470nelitovaqueiroan@gmail.com                      81985649849 000076
100000100000000000000000000000000000000000000000000000000000000000000047553580001000000000000N0         R1  2104755358-127122600000000606884570000101N141225000000000000000001412250000000000000000000000180700000000000000100005275267460ANTONIO NELLINGTON NASCIMENTO DE SOUZA  RUA HUMBERTO DE CAMPOS 77 A VILA RICA JABOATAO DOS G54100470nelitovaqueiroan@gmail.com                      81985649849 000077
100000100000000000000000000000000000000000000000000000000000000000000047553580001000000000000N0         R1  2104755358-127012700000000606884570000101N141225000000000000000001412250000000000000000000000188900000000000000100005275267460ANTONIO NELLINGTON NASCIMENTO DE SOUZA  RUA HUMBERTO DE CAMPOS 77 A VILA RICA JABOATAO DOS G54100470nelitovaqueiroan@gmail.com                      81985649849 000078
100000100000000000000000000000000000000000000000000000000000000000000047537520000000000000000N0         R1  2104753752-027022600000000343784570000101N131225000000000000000001412250000000000000000000000026300000000000000100048647951859JOAO PAULO ALVES DOS SANTOS             RUA BENEDITO CAMPOS PACHECO 103 BLOCO A APE 4 VILA S17065012joaokamado5@gmail.com                           14999072475 000079
100000100000000000000000000000000000000000000000000000000000000000000047537520000000000000000N0         R1  2104753752-027032600000000343784570000101N131225000000000000000001412250000000000000000000000033300000000000000100048647951859JOAO PAULO ALVES DOS SANTOS             RUA BENEDITO CAMPOS PACHECO 103 BLOCO A APE 4 VILA S17065012joaokamado5@gmail.com                           14999072475 000080
100000100000000000000000000000000000000000000000000000000000000000000047537520000000000000000N0         R1  2104753752-027042600000000343784570000101N131225000000000000000001412250000000000000000000000041600000000000000100048647951859JOAO PAULO ALVES DOS SANTOS             RUA BENEDITO CAMPOS PACHECO 103 BLOCO A APE 4 VILA S17065012joaokamado5@gmail.com                           14999072475 000081
100000100000000000000000000000000000000000000000000000000000000000000047537520000000000000000N0         R1  2104753752-027052600000000343784570000101N131225000000000000000001412250000000000000000000000050500000000000000100048647951859JOAO PAULO ALVES DOS SANTOS             RUA BENEDITO CAMPOS PACHECO 103 BLOCO A APE 4 VILA S17065012joaokamado5@gmail.com                           14999072475 000082
100000100000000000000000000000000000000000000000000000000000000000000047537520000000000000000N0         R1  2104753752-027062600000000343784570000101N131225000000000000000001412250000000000000000000000060400000000000000100048647951859JOAO PAULO ALVES DOS SANTOS             RUA BENEDITO CAMPOS PACHECO 103 BLOCO A APE 4 VILA S17065012joaokamado5@gmail.com                           14999072475 000083
100000100000000000000000000000000000000000000000000000000000000000000047537520000000000000000N0         R1  2104753752-027072600000000343784570000101N131225000000000000000001412250000000000000000000000071000000000000000100048647951859JOAO PAULO ALVES DOS SANTOS             RUA BENEDITO CAMPOS PACHECO 103 BLOCO A APE 4 VILA S17065012joaokamado5@gmail.com                           14999072475 000084
100000100000000000000000000000000000000000000000000000000000000000000047563250000000000000000N0         R1  2104756325-027022600000000530984570000101N141225000000000000000001412250000000000000000000000040300000000000000100019077555781LUCAS SANTOS CAVALCANTE DA SILVA        RUA ANDRE ANSELMO BRENNEISEN 513 VILA NOVA 513 N/A V88390000ls34354045@gmail.com                            21988613134 000085
100000100000000000000000000000000000000000000000000000000000000000000047563250000000000000000N0         R1  2104756325-027032600000000530984570000101N141225000000000000000001412250000000000000000000000051100000000000000100019077555781LUCAS SANTOS CAVALCANTE DA SILVA        RUA ANDRE ANSELMO BRENNEISEN 513 VILA NOVA 513 N/A V88390000ls34354045@gmail.com                            21988613134 000086
100000100000000000000000000000000000000000000000000000000000000000000047563250000000000000000N0         R1  2104756325-027042600000000530984570000101N141225000000000000000001412250000000000000000000000064000000000000000100019077555781LUCAS SANTOS CAVALCANTE DA SILVA        RUA ANDRE ANSELMO BRENNEISEN 513 VILA NOVA 513 N/A V88390000ls34354045@gmail.com                            21988613134 000087
100000100000000000000000000000000000000000000000000000000000000000000047563250000000000000000N0         R1  2104756325-027052600000000530984570000101N141225000000000000000001412250000000000000000000000077600000000000000100019077555781LUCAS SANTOS CAVALCANTE DA SILVA        RUA ANDRE ANSELMO BRENNEISEN 513 VILA NOVA 513 N/A V88390000ls34354045@gmail.com                            21988613134 000088
100000100000000000000000000000000000000000000000000000000000000000000047563250000000000000000N0         R1  2104756325-027062600000000530984570000101N141225000000000000000001412250000000000000000000000093000000000000000100019077555781LUCAS SANTOS CAVALCANTE DA SILVA        RUA ANDRE ANSELMO BRENNEISEN 513 VILA NOVA 513 N/A V88390000ls34354045@gmail.com                            21988613134 000089
100000100000000000000000000000000000000000000000000000000000000000000047563250000000000000000N0         R1  2104756325-027072600000000530984570000101N141225000000000000000001412250000000000000000000000109200000000000000100019077555781LUCAS SANTOS CAVALCANTE DA SILVA        RUA ANDRE ANSELMO BRENNEISEN 513 VILA NOVA 513 N/A V88390000ls34354045@gmail.com                            21988613134 000090
100000100000000000000000000000000000000000000000000000000000000000000047585020000000000000000N0         R1  2104758502-027022600000000442484570000101N141225000000000000000001412250000000000000000000000033600000000000000100054972428805PEDRO ALVARES GOMES                     RUA JOAQUIM XAVIER CURADO 215 N/A INDEPENDENCIA SAO 09862360pedroalvares0712@gmail.com                      11950324823 000091
100000100000000000000000000000000000000000000000000000000000000000000047585020000000000000000N0         R1  2104758502-027032600000000442484570000101N141225000000000000000001412250000000000000000000000042600000000000000100054972428805PEDRO ALVARES GOMES                     RUA JOAQUIM XAVIER CURADO 215 N/A INDEPENDENCIA SAO 09862360pedroalvares0712@gmail.com                      11950324823 000092
100000100000000000000000000000000000000000000000000000000000000000000047585020000000000000000N0         R1  2104758502-027042600000000442484570000101N141225000000000000000001412250000000000000000000000053300000000000000100054972428805PEDRO ALVARES GOMES                     RUA JOAQUIM XAVIER CURADO 215 N/A INDEPENDENCIA SAO 09862360pedroalvares0712@gmail.com                      11950324823 000093
100000100000000000000000000000000000000000000000000000000000000000000047585020000000000000000N0         R1  2104758502-027052600000000442484570000101N141225000000000000000001412250000000000000000000000064700000000000000100054972428805PEDRO ALVARES GOMES                     RUA JOAQUIM XAVIER CURADO 215 N/A INDEPENDENCIA SAO 09862360pedroalvares0712@gmail.com                      11950324823 000094
100000100000000000000000000000000000000000000000000000000000000000000047585020000000000000000N0         R1  2104758502-027062600000000442484570000101N141225000000000000000001412250000000000000000000000077500000000000000100054972428805PEDRO ALVARES GOMES                     RUA JOAQUIM XAVIER CURADO 215 N/A INDEPENDENCIA SAO 09862360pedroalvares0712@gmail.com                      11950324823 000095
100000100000000000000000000000000000000000000000000000000000000000000047585020000000000000000N0         R1  2104758502-027072600000000442484570000101N141225000000000000000001412250000000000000000000000091000000000000000100054972428805PEDRO ALVARES GOMES                     RUA JOAQUIM XAVIER CURADO 215 N/A INDEPENDENCIA SAO 09862360pedroalvares0712@gmail.com                      11950324823 000096
100000100000000000000000000000000000000000000000000000000000000000000047642540000000000000000N0         R1  2104764254-027022600000000426224570000101N151225000000000000000001412250000000000000000000000032100000000000000100001939230179VITOR HENRIQUE DA SILVA                 RUA IDA MESQUITA DA SILVA 25 N/A CONJUNTO HABITACION19100460vitorhenriiq@gmail.com                          18981003201 000097
100000100000000000000000000000000000000000000000000000000000000000000047642540000000000000000N0         R1  2104764254-027032600000000426224570000101N151225000000000000000001412250000000000000000000000040800000000000000100001939230179VITOR HENRIQUE DA SILVA                 RUA IDA MESQUITA DA SILVA 25 N/A CONJUNTO HABITACION19100460vitorhenriiq@gmail.com                          18981003201 000098
100000100000000000000000000000000000000000000000000000000000000000000047642540000000000000000N0         R1  2104764254-027042600000000426224570000101N151225000000000000000001412250000000000000000000000051100000000000000100001939230179VITOR HENRIQUE DA SILVA                 RUA IDA MESQUITA DA SILVA 25 N/A CONJUNTO HABITACION19100460vitorhenriiq@gmail.com                          18981003201 000099
100000100000000000000000000000000000000000000000000000000000000000000047642540000000000000000N0         R1  2104764254-027052600000000426224570000101N151225000000000000000001412250000000000000000000000062000000000000000100001939230179VITOR HENRIQUE DA SILVA                 RUA IDA MESQUITA DA SILVA 25 N/A CONJUNTO HABITACION19100460vitorhenriiq@gmail.com                          18981003201 000100
100000100000000000000000000000000000000000000000000000000000000000000047642540000000000000000N0         R1  2104764254-027062600000000426224570000101N151225000000000000000001412250000000000000000000000074300000000000000100001939230179VITOR HENRIQUE DA SILVA                 RUA IDA MESQUITA DA SILVA 25 N/A CONJUNTO HABITACION19100460vitorhenriiq@gmail.com                          18981003201 000101
100000100000000000000000000000000000000000000000000000000000000000000047642540000000000000000N0         R1  2104764254-027072600000000426224570000101N151225000000000000000001412250000000000000000000000087400000000000000100001939230179VITOR HENRIQUE DA SILVA                 RUA IDA MESQUITA DA SILVA 25 N/A CONJUNTO HABITACION19100460vitorhenriiq@gmail.com                          18981003201 000102
100000100000000000000000000000000000000000000000000000000000000000000047563890000000000000000N0         R1  2104756389-027022600000000255794570000101N141225000000000000000001412250000000000000000000000019400000000000000100003739865059FRANCIELE DA SILVA BENITES DO ROSARIO   RUA DA TERCEIRA IDADE 120 CASA120 SAO JOSE NOVO HAMB93530594fs3603286@gmail.com                             51986900257 000103
100000100000000000000000000000000000000000000000000000000000000000000047563890000000000000000N0         R1  2104756389-027032600000000255794570000101N141225000000000000000001412250000000000000000000000024600000000000000100003739865059FRANCIELE DA SILVA BENITES DO ROSARIO   RUA DA TERCEIRA IDADE 120 CASA120 SAO JOSE NOVO HAMB93530594fs3603286@gmail.com                             51986900257 000104
100000100000000000000000000000000000000000000000000000000000000000000047563890000000000000000N0         R1  2104756389-027042600000000255794570000101N141225000000000000000001412250000000000000000000000030800000000000000100003739865059FRANCIELE DA SILVA BENITES DO ROSARIO   RUA DA TERCEIRA IDADE 120 CASA120 SAO JOSE NOVO HAMB93530594fs3603286@gmail.com                             51986900257 000105
100000100000000000000000000000000000000000000000000000000000000000000047563890000000000000000N0         R1  2104756389-027052600000000255794570000101N141225000000000000000001412250000000000000000000000037400000000000000100003739865059FRANCIELE DA SILVA BENITES DO ROSARIO   RUA DA TERCEIRA IDADE 120 CASA120 SAO JOSE NOVO HAMB93530594fs3603286@gmail.com                             51986900257 000106
100000100000000000000000000000000000000000000000000000000000000000000047563890000000000000000N0         R1  2104756389-027062600000000255794570000101N141225000000000000000001412250000000000000000000000044800000000000000100003739865059FRANCIELE DA SILVA BENITES DO ROSARIO   RUA DA TERCEIRA IDADE 120 CASA120 SAO JOSE NOVO HAMB93530594fs3603286@gmail.com                             51986900257 000107
100000100000000000000000000000000000000000000000000000000000000000000047563890000000000000000N0         R1  2104756389-027072600000000255794570000101N141225000000000000000001412250000000000000000000000052600000000000000100003739865059FRANCIELE DA SILVA BENITES DO ROSARIO   RUA DA TERCEIRA IDADE 120 CASA120 SAO JOSE NOVO HAMB93530594fs3603286@gmail.com                             51986900257 000108
100000100000000000000000000000000000000000000000000000000000000000000047570290000000000000000N0         R1  2104757029-027022600000000537604570000101N141225000000000000000001412250000000000000000000000040800000000000000100010022948945SABRINA RODRIGUES RAFAEL                RUA MACARICO DO CAMPO 120 A JARDIM MONTE CARLO ARAPO86704170rafaelsabrina2235@gmail.com                     43996541959 000109
100000100000000000000000000000000000000000000000000000000000000000000047570290000000000000000N0         R1  2104757029-027032600000000537604570000101N141225000000000000000001412250000000000000000000000051700000000000000100010022948945SABRINA RODRIGUES RAFAEL                RUA MACARICO DO CAMPO 120 A JARDIM MONTE CARLO ARAPO86704170rafaelsabrina2235@gmail.com                     43996541959 000110
100000100000000000000000000000000000000000000000000000000000000000000047570290000000000000000N0         R1  2104757029-027042600000000537604570000101N141225000000000000000001412250000000000000000000000064800000000000000100010022948945SABRINA RODRIGUES RAFAEL                RUA MACARICO DO CAMPO 120 A JARDIM MONTE CARLO ARAPO86704170rafaelsabrina2235@gmail.com                     43996541959 000111
100000100000000000000000000000000000000000000000000000000000000000000047570290000000000000000N0         R1  2104757029-027052600000000537604570000101N141225000000000000000001412250000000000000000000000078600000000000000100010022948945SABRINA RODRIGUES RAFAEL                RUA MACARICO DO CAMPO 120 A JARDIM MONTE CARLO ARAPO86704170rafaelsabrina2235@gmail.com                     43996541959 000112
100000100000000000000000000000000000000000000000000000000000000000000047570290000000000000000N0         R1  2104757029-027062600000000537604570000101N141225000000000000000001412250000000000000000000000094100000000000000100010022948945SABRINA RODRIGUES RAFAEL                RUA MACARICO DO CAMPO 120 A JARDIM MONTE CARLO ARAPO86704170rafaelsabrina2235@gmail.com                     43996541959 000113
100000100000000000000000000000000000000000000000000000000000000000000047570290000000000000000N0         R1  2104757029-027072600000000537604570000101N141225000000000000000001412250000000000000000000000110600000000000000100010022948945SABRINA RODRIGUES RAFAEL                RUA MACARICO DO CAMPO 120 A JARDIM MONTE CARLO ARAPO86704170rafaelsabrina2235@gmail.com                     43996541959 000114
100000100000000000000000000000000000000000000000000000000000000000000047535680000000000000000N0         R1  2104753568-027022600000000150414570000101N131225000000000000000001412250000000000000000000000009200000000000000100034308051800DENIS ANGELO DE GIACOMO                 RUA JORGE TOME 200 N/A JARDIM MADRE ANGELA POA/SP   08567000denisgiacomo34@gmail.com                        11981154393 000115
100000100000000000000000000000000000000000000000000000000000000000000047535680000000000000000N0         R1  2104753568-027032600000000150414570000101N131225000000000000000001412250000000000000000000000011400000000000000100034308051800DENIS ANGELO DE GIACOMO                 RUA JORGE TOME 200 N/A JARDIM MADRE ANGELA POA/SP   08567000denisgiacomo34@gmail.com                        11981154393 000116
100000100000000000000000000000000000000000000000000000000000000000000047535680000000000000000N0         R1  2104753568-027042600000000150414570000101N131225000000000000000001412250000000000000000000000014200000000000000100034308051800DENIS ANGELO DE GIACOMO                 RUA JORGE TOME 200 N/A JARDIM MADRE ANGELA POA/SP   08567000denisgiacomo34@gmail.com                        11981154393 000117
100000100000000000000000000000000000000000000000000000000000000000000047535680000000000000000N0         R1  2104753568-027052600000000150414570000101N131225000000000000000001412250000000000000000000000017100000000000000100034308051800DENIS ANGELO DE GIACOMO                 RUA JORGE TOME 200 N/A JARDIM MADRE ANGELA POA/SP   08567000denisgiacomo34@gmail.com                        11981154393 000118
100000100000000000000000000000000000000000000000000000000000000000000047535680000000000000000N0         R1  2104753568-027062600000000150414570000101N131225000000000000000001412250000000000000000000000020300000000000000100034308051800DENIS ANGELO DE GIACOMO                 RUA JORGE TOME 200 N/A JARDIM MADRE ANGELA POA/SP   08567000denisgiacomo34@gmail.com                        11981154393 000119
100000100000000000000000000000000000000000000000000000000000000000000047535680000000000000000N0         R1  2104753568-027072600000000150414570000101N131225000000000000000001412250000000000000000000000023800000000000000100034308051800DENIS ANGELO DE GIACOMO                 RUA JORGE TOME 200 N/A JARDIM MADRE ANGELA POA/SP   08567000denisgiacomo34@gmail.com                        11981154393 000120
100000100000000000000000000000000000000000000000000000000000000000000047535680000000000000000N0         R1  2104753568-027082600000000150414570000101N131225000000000000000001412250000000000000000000000027600000000000000100034308051800DENIS ANGELO DE GIACOMO                 RUA JORGE TOME 200 N/A JARDIM MADRE ANGELA POA/SP   08567000denisgiacomo34@gmail.com                        11981154393 000121
100000100000000000000000000000000000000000000000000000000000000000000047535680000000000000000N0         R1  2104753568-027092600000000150414570000101N131225000000000000000001412250000000000000000000000031800000000000000100034308051800DENIS ANGELO DE GIACOMO                 RUA JORGE TOME 200 N/A JARDIM MADRE ANGELA POA/SP   08567000denisgiacomo34@gmail.com                        11981154393 000122
100000100000000000000000000000000000000000000000000000000000000000000047535680000000000000000N0         R1  2104753568-027102600000000150414570000101N131225000000000000000001412250000000000000000000000036200000000000000100034308051800DENIS ANGELO DE GIACOMO                 RUA JORGE TOME 200 N/A JARDIM MADRE ANGELA POA/SP   08567000denisgiacomo34@gmail.com                        11981154393 000123
100000100000000000000000000000000000000000000000000000000000000000000047535680001000000000000N0         R1  2104753568-127112600000000150414570000101N131225000000000000000001412250000000000000000000000041100000000000000100034308051800DENIS ANGELO DE GIACOMO                 RUA JORGE TOME 200 N/A JARDIM MADRE ANGELA POA/SP   08567000denisgiacomo34@gmail.com                        11981154393 000124
100000100000000000000000000000000000000000000000000000000000000000000047535680001000000000000N0         R1  2104753568-127122600000000150414570000101N131225000000000000000001412250000000000000000000000044800000000000000100034308051800DENIS ANGELO DE GIACOMO                 RUA JORGE TOME 200 N/A JARDIM MADRE ANGELA POA/SP   08567000denisgiacomo34@gmail.com                        11981154393 000125
100000100000000000000000000000000000000000000000000000000000000000000047535680001000000000000N0         R1  2104753568-127012700000000150414570000101N131225000000000000000001412250000000000000000000000046800000000000000100034308051800DENIS ANGELO DE GIACOMO                 RUA JORGE TOME 200 N/A JARDIM MADRE ANGELA POA/SP   08567000denisgiacomo34@gmail.com                        11981154393 000126
100000100000000000000000000000000000000000000000000000000000000000000047559690000000000000000N0         R1  2104755969-027022600000000441244570000101N141225000000000000000001412250000000000000000000000033500000000000000100032824681802CICERA PEREIRA DE LIMA                  AVENIDA IVINHEMA 1992 PERTO DO SENAI SAO VICENTE DE 79756098soniapereiradelima55@gmail.com                  67996481056 000127
100000100000000000000000000000000000000000000000000000000000000000000047559690000000000000000N0         R1  2104755969-027032600000000441244570000101N141225000000000000000001412250000000000000000000000042400000000000000100032824681802CICERA PEREIRA DE LIMA                  AVENIDA IVINHEMA 1992 PERTO DO SENAI SAO VICENTE DE 79756098soniapereiradelima55@gmail.com                  67996481056 000128
100000100000000000000000000000000000000000000000000000000000000000000047559690000000000000000N0         R1  2104755969-027042600000000441244570000101N141225000000000000000001412250000000000000000000000053100000000000000100032824681802CICERA PEREIRA DE LIMA                  AVENIDA IVINHEMA 1992 PERTO DO SENAI SAO VICENTE DE 79756098soniapereiradelima55@gmail.com                  67996481056 000129
100000100000000000000000000000000000000000000000000000000000000000000047559690000000000000000N0         R1  2104755969-027052600000000441244570000101N141225000000000000000001412250000000000000000000000064500000000000000100032824681802CICERA PEREIRA DE LIMA                  AVENIDA IVINHEMA 1992 PERTO DO SENAI SAO VICENTE DE 79756098soniapereiradelima55@gmail.com                  67996481056 000130
100000100000000000000000000000000000000000000000000000000000000000000047559690000000000000000N0         R1  2104755969-027062600000000441244570000101N141225000000000000000001412250000000000000000000000077200000000000000100032824681802CICERA PEREIRA DE LIMA                  AVENIDA IVINHEMA 1992 PERTO DO SENAI SAO VICENTE DE 79756098soniapereiradelima55@gmail.com                  67996481056 000131
100000100000000000000000000000000000000000000000000000000000000000000047559690000000000000000N0         R1  2104755969-027072600000000441244570000101N141225000000000000000001412250000000000000000000000090800000000000000100032824681802CICERA PEREIRA DE LIMA                  AVENIDA IVINHEMA 1992 PERTO DO SENAI SAO VICENTE DE 79756098soniapereiradelima55@gmail.com                  67996481056 000132
100000100000000000000000000000000000000000000000000000000000000000000047652810000000000000000N0         R1  2104765281-027022600000000176204570000101N151225000000000000000001412250000000000000000000000010600000000000000100006228938908PATRICIA ANDREOLI TOMKI                 RODOVIA BR 153 0 BR OURO VERDE UNIAO DA VITORIA/PR  84608200patriciatomkiandreoli@gmail.com                 42999810024 000133
100000100000000000000000000000000000000000000000000000000000000000000047652810000000000000000N0         R1  2104765281-027032600000000176204570000101N151225000000000000000001412250000000000000000000000013300000000000000100006228938908PATRICIA ANDREOLI TOMKI                 RODOVIA BR 153 0 BR OURO VERDE UNIAO DA VITORIA/PR  84608200patriciatomkiandreoli@gmail.com                 42999810024 000134
100000100000000000000000000000000000000000000000000000000000000000000047652810000000000000000N0         R1  2104765281-027042600000000176204570000101N151225000000000000000001412250000000000000000000000016400000000000000100006228938908PATRICIA ANDREOLI TOMKI                 RODOVIA BR 153 0 BR OURO VERDE UNIAO DA VITORIA/PR  84608200patriciatomkiandreoli@gmail.com                 42999810024 000135
100000100000000000000000000000000000000000000000000000000000000000000047652810000000000000000N0         R1  2104765281-027052600000000176204570000101N151225000000000000000001412250000000000000000000000019800000000000000100006228938908PATRICIA ANDREOLI TOMKI                 RODOVIA BR 153 0 BR OURO VERDE UNIAO DA VITORIA/PR  84608200patriciatomkiandreoli@gmail.com                 42999810024 000136
100000100000000000000000000000000000000000000000000000000000000000000047652810000000000000000N0         R1  2104765281-027062600000000176204570000101N151225000000000000000001412250000000000000000000000023600000000000000100006228938908PATRICIA ANDREOLI TOMKI                 RODOVIA BR 153 0 BR OURO VERDE UNIAO DA VITORIA/PR  84608200patriciatomkiandreoli@gmail.com                 42999810024 000137
100000100000000000000000000000000000000000000000000000000000000000000047652810000000000000000N0         R1  2104765281-027072600000000176204570000101N151225000000000000000001412250000000000000000000000027600000000000000100006228938908PATRICIA ANDREOLI TOMKI                 RODOVIA BR 153 0 BR OURO VERDE UNIAO DA VITORIA/PR  84608200patriciatomkiandreoli@gmail.com                 42999810024 000138
100000100000000000000000000000000000000000000000000000000000000000000047652810000000000000000N0         R1  2104765281-027082600000000176204570000101N151225000000000000000001412250000000000000000000000032100000000000000100006228938908PATRICIA ANDREOLI TOMKI                 RODOVIA BR 153 0 BR OURO VERDE UNIAO DA VITORIA/PR  84608200patriciatomkiandreoli@gmail.com                 42999810024 000139
100000100000000000000000000000000000000000000000000000000000000000000047652810000000000000000N0         R1  2104765281-027092600000000176204570000101N151225000000000000000001412250000000000000000000000037000000000000000100006228938908PATRICIA ANDREOLI TOMKI                 RODOVIA BR 153 0 BR OURO VERDE UNIAO DA VITORIA/PR  84608200patriciatomkiandreoli@gmail.com                 42999810024 000140
100000100000000000000000000000000000000000000000000000000000000000000047652810000000000000000N0         R1  2104765281-027102600000000176204570000101N151225000000000000000001412250000000000000000000000042200000000000000100006228938908PATRICIA ANDREOLI TOMKI                 RODOVIA BR 153 0 BR OURO VERDE UNIAO DA VITORIA/PR  84608200patriciatomkiandreoli@gmail.com                 42999810024 000141
100000100000000000000000000000000000000000000000000000000000000000000047652810001000000000000N0         R1  2104765281-127112600000000176204570000101N151225000000000000000001412250000000000000000000000047900000000000000100006228938908PATRICIA ANDREOLI TOMKI                 RODOVIA BR 153 0 BR OURO VERDE UNIAO DA VITORIA/PR  84608200patriciatomkiandreoli@gmail.com                 42999810024 000142
100000100000000000000000000000000000000000000000000000000000000000000047652810001000000000000N0         R1  2104765281-127122600000000176204570000101N151225000000000000000001412250000000000000000000000052500000000000000100006228938908PATRICIA ANDREOLI TOMKI                 RODOVIA BR 153 0 BR OURO VERDE UNIAO DA VITORIA/PR  84608200patriciatomkiandreoli@gmail.com                 42999810024 000143
100000100000000000000000000000000000000000000000000000000000000000000047652810001000000000000N0         R1  2104765281-127012700000000176204570000101N151225000000000000000001412250000000000000000000000054900000000000000100006228938908PATRICIA ANDREOLI TOMKI                 RODOVIA BR 153 0 BR OURO VERDE UNIAO DA VITORIA/PR  84608200patriciatomkiandreoli@gmail.com                 42999810024 000144
100000100000000000000000000000000000000000000000000000000000000000000047527230000000000000000N0         R1  2104752723-027022600000000400314570000101N131225000000000000000001412250000000000000000000000024400000000000000100082944130544IVANILDO DE JESUS SANTOS                RUA BARAO DE COTEGIPE 01 N/A CENTRO JUAZEIRO/BA     48903440jesusivanildo954@gmail.com                      74988241680 000145
100000100000000000000000000000000000000000000000000000000000000000000047527230000000000000000N0         R1  2104752723-027032600000000400314570000101N131225000000000000000001412250000000000000000000000030500000000000000100082944130544IVANILDO DE JESUS SANTOS                RUA BARAO DE COTEGIPE 01 N/A CENTRO JUAZEIRO/BA     48903440jesusivanildo954@gmail.com                      74988241680 000146
100000100000000000000000000000000000000000000000000000000000000000000047527230000000000000000N0         R1  2104752723-027042600000000400314570000101N131225000000000000000001412250000000000000000000000037700000000000000100082944130544IVANILDO DE JESUS SANTOS                RUA BARAO DE COTEGIPE 01 N/A CENTRO JUAZEIRO/BA     48903440jesusivanildo954@gmail.com                      74988241680 000147
100000100000000000000000000000000000000000000000000000000000000000000047527230000000000000000N0         R1  2104752723-027052600000000400314570000101N131225000000000000000001412250000000000000000000000045400000000000000100082944130544IVANILDO DE JESUS SANTOS                RUA BARAO DE COTEGIPE 01 N/A CENTRO JUAZEIRO/BA     48903440jesusivanildo954@gmail.com                      74988241680 000148
100000100000000000000000000000000000000000000000000000000000000000000047527230000000000000000N0         R1  2104752723-027062600000000400314570000101N131225000000000000000001412250000000000000000000000054100000000000000100082944130544IVANILDO DE JESUS SANTOS                RUA BARAO DE COTEGIPE 01 N/A CENTRO JUAZEIRO/BA     48903440jesusivanildo954@gmail.com                      74988241680 000149
100000100000000000000000000000000000000000000000000000000000000000000047527230000000000000000N0         R1  2104752723-027072600000000400314570000101N131225000000000000000001412250000000000000000000000063200000000000000100082944130544IVANILDO DE JESUS SANTOS                RUA BARAO DE COTEGIPE 01 N/A CENTRO JUAZEIRO/BA     48903440jesusivanildo954@gmail.com                      74988241680 000150
100000100000000000000000000000000000000000000000000000000000000000000047527230000000000000000N0         R1  2104752723-027082600000000400314570000101N131225000000000000000001412250000000000000000000000073500000000000000100082944130544IVANILDO DE JESUS SANTOS                RUA BARAO DE COTEGIPE 01 N/A CENTRO JUAZEIRO/BA     48903440jesusivanildo954@gmail.com                      74988241680 000151
100000100000000000000000000000000000000000000000000000000000000000000047527230000000000000000N0         R1  2104752723-027092600000000400314570000101N131225000000000000000001412250000000000000000000000084600000000000000100082944130544IVANILDO DE JESUS SANTOS                RUA BARAO DE COTEGIPE 01 N/A CENTRO JUAZEIRO/BA     48903440jesusivanildo954@gmail.com                      74988241680 000152
100000100000000000000000000000000000000000000000000000000000000000000047527230000000000000000N0         R1  2104752723-027102600000000400314570000101N131225000000000000000001412250000000000000000000000096400000000000000100082944130544IVANILDO DE JESUS SANTOS                RUA BARAO DE COTEGIPE 01 N/A CENTRO JUAZEIRO/BA     48903440jesusivanildo954@gmail.com                      74988241680 000153
100000100000000000000000000000000000000000000000000000000000000000000047527230001000000000000N0         R1  2104752723-127112600000000400314570000101N131225000000000000000001412250000000000000000000000109500000000000000100082944130544IVANILDO DE JESUS SANTOS                RUA BARAO DE COTEGIPE 01 N/A CENTRO JUAZEIRO/BA     48903440jesusivanildo954@gmail.com                      74988241680 000154
100000100000000000000000000000000000000000000000000000000000000000000047527230001000000000000N0         R1  2104752723-127122600000000400314570000101N131225000000000000000001412250000000000000000000000119200000000000000100082944130544IVANILDO DE JESUS SANTOS                RUA BARAO DE COTEGIPE 01 N/A CENTRO JUAZEIRO/BA     48903440jesusivanildo954@gmail.com                      74988241680 000155
100000100000000000000000000000000000000000000000000000000000000000000047527230001000000000000N0         R1  2104752723-127012700000000400314570000101N131225000000000000000001412250000000000000000000000124600000000000000100082944130544IVANILDO DE JESUS SANTOS                RUA BARAO DE COTEGIPE 01 N/A CENTRO JUAZEIRO/BA     48903440jesusivanildo954@gmail.com                      74988241680 000156
100000100000000000000000000000000000000000000000000000000000000000000047600380000000000000000N0         R1  2104760038-027022600000000326734570000101N151225000000000000000001412250000000000000000000000024600000000000000100003600607065JESSICA STEFANI MAURER RODRIGUES        RUA VLADIMIR HERZOG 516 AP 07 JARDIM CARVALHO PORTO 91430250stefani.maurer30@gmail.com                      51985270194 000157
100000100000000000000000000000000000000000000000000000000000000000000047600380000000000000000N0         R1  2104760038-027032600000000326734570000101N151225000000000000000001412250000000000000000000000031200000000000000100003600607065JESSICA STEFANI MAURER RODRIGUES        RUA VLADIMIR HERZOG 516 AP 07 JARDIM CARVALHO PORTO 91430250stefani.maurer30@gmail.com                      51985270194 000158
100000100000000000000000000000000000000000000000000000000000000000000047600380000000000000000N0         R1  2104760038-027042600000000326734570000101N151225000000000000000001412250000000000000000000000039100000000000000100003600607065JESSICA STEFANI MAURER RODRIGUES        RUA VLADIMIR HERZOG 516 AP 07 JARDIM CARVALHO PORTO 91430250stefani.maurer30@gmail.com                      51985270194 000159
100000100000000000000000000000000000000000000000000000000000000000000047600380000000000000000N0         R1  2104760038-027052600000000326734570000101N151225000000000000000001412250000000000000000000000047600000000000000100003600607065JESSICA STEFANI MAURER RODRIGUES        RUA VLADIMIR HERZOG 516 AP 07 JARDIM CARVALHO PORTO 91430250stefani.maurer30@gmail.com                      51985270194 000160
100000100000000000000000000000000000000000000000000000000000000000000047600380000000000000000N0         R1  2104760038-027062600000000326734570000101N151225000000000000000001412250000000000000000000000057000000000000000100003600607065JESSICA STEFANI MAURER RODRIGUES        RUA VLADIMIR HERZOG 516 AP 07 JARDIM CARVALHO PORTO 91430250stefani.maurer30@gmail.com                      51985270194 000161
100000100000000000000000000000000000000000000000000000000000000000000047600380000000000000000N0         R1  2104760038-027072600000000326734570000101N151225000000000000000001412250000000000000000000000067000000000000000100003600607065JESSICA STEFANI MAURER RODRIGUES        RUA VLADIMIR HERZOG 516 AP 07 JARDIM CARVALHO PORTO 91430250stefani.maurer30@gmail.com                      51985270194 000162
9                                                                                                                                                                                                                                                                                                                                                                                                         000163